Book{xie2015,
  title = {Dynamic Documents with {R} and knitr},
  author = {Yihui Xie},
  publisher = {Chapman and Hall/CRC},
  address = {Boca Raton, Florida},
  year = {2015},
  edition = {2nd},
  note = {ISBN 978-1498716963},
  url = {http://yihui.name/knitr/},
}

@book{gotelli2016principios,
  title={Princípios de estatística em ecologia},
  author={Gotelli, Nicholas J and Ellison, Aaron M},
  year={2016},
  publisher={Artmed Editora}
}

@book{gotelli2004primer,
  title={Primer of ecological statistics},
  author={Gotelli, Nicholas J and Ellison, Aaron M},
  year={2004},
  publisher={Sinauer Associates Publishers}
}

@article{touchon2016mismatch,
  title={The mismatch between current statistical practice and doctoral training in ecology},
  author={Touchon, Justin C and McCoy, Michael W},
  journal={Ecosphere},
  volume={7},
  number={8},
  pages={e01394},
  year={2016},
  publisher={Wiley Online Library}
}

@phdthesis{Verneaux1973,
  author       = {Verneaux, J.},
  title        = {Cours d'eau de Franche-Comté (Massif du Jura). Recherches écologiques sur le réseau hydrographique du Doubs. Essai de biotypologie.},
  school       = {Thèse d'état, Besançon.},
  year         = 1973,
}

@book{borcard2018numerical,
  title={Numerical ecology with R},
  author={Borcard, Daniel and Gillet, Fran{\c{c}}ois and Legendre, Pierre},
  year={2018},
  publisher={Springer}
}

@misc{dray2015ade,
  title={ade 4: analysis of ecological data: exploratory and Euclidean methods in environmental sciences. R package version 1.7-2},
  author={Dray, S and Dufour, AB and Thioulouse, J},
  year={2015}
}

@article{oksanen2013package,
  title={Package ‘vegan’},
  author={Oksanen, Jari and Blanchet, F Guillaume and Kindt, Roeland and Legendre, Pierre and Minchin, Peter R and O’hara, RB and Simpson, Gavin L and Solymos, Peter and Stevens, M Henry H and Wagner, Helene and others},
  journal={Community ecology package, version},
  volume={2},
  number={9},
  pages={1--295},
  year={2013}
}

@book{triola2017introduccao,
  title={Introdução à estatística: atualização da tecnologia},
  author={Triola, Mario F},
  volume={12},
  year={2017},
  publisher={ltc Rio de Janeiro}
}

@book{stuart1984ideas,
  title={The ideas of sampling},
  author={Stuart, Alan},
  number={519.52 S929 1984},
  year={1984},
  publisher={Oxford University Press}
}

@article{zar2010biostatistical,
  title={Biostatistical analysis Pearson Prentice-Hall},
  author={Zar, Jerrold H},
  journal={Upper Saddle River, NJ},
  year={2010}
}

@book{zuur2009mixed,
  title={Mixed effects models and extensions in ecology with R},
  author={Zuur, Alain and Ieno, Elena N and Walker, Neil and Saveliev, Anatoly A and Smith, Graham M},
  year={2009},
  publisher={Springer Science \& Business Media}
}

@misc{halt1998history,
  title={A History of Mathematical Statistics},
  author={Halt, A},
  year={1998},
  publisher={Wiley, New York}
}

@article{efron1998r,
  title={R. a. fisher in the 21st century. invited paper presented at the 1996 ra fisher lecture},
  author={Efron, B},
  journal={Statistical Science},
  volume={13},
  number={2},
  pages={95--122},
  year={1998}
}

@article{hurlbert1984pseudoreplication,
  title={Pseudoreplication and the design of ecological field experiments},
  author={Hurlbert, Stuart H},
  journal={Ecological monographs},
  volume={54},
  number={2},
  pages={187--211},
  year={1984},
  publisher={Wiley Online Library}
}

@book{haddon2010modelling,
  title={Modelling and quantitative methods in fisheries},
  author={Haddon, Malcolm},
  year={2010},
  publisher={CRC press}
}

@article{souza2019surprising,
  title={The surprising" B-side": description of a new foraging tactic for the pearl cichlid, Geophagus brasiliensis, in a coastal stream of the Atlantic Forest},
  author={Souza, Gabriel Raposo Silva de and Sabino, Jos{\'e} and Garrone-Neto, Domingos},
  journal={Biota Neotropica},
  volume={19},
  number={3},
  year={2019},
  publisher={SciELO Brasil}
}

@book{bolker2008ecological,
  title={Ecological models and data in R},
  author={Bolker, Benjamin M},
  year={2008},
  publisher={Princeton University Press}
}

@book{peters1986ecological,
  title={The ecological implications of body size},
  author={Peters, Robert H and Peters, Robert Henry},
  volume={2},
  year={1986},
  publisher={Cambridge university press}
}